
@book{streetman2015solid,
  title     = {Solid State Electronic Devices},
  author    = {Streetman, B.G. and Banerjee, S.},
  isbn      = {9780133356038},
  lccn      = {2013037102},
  url       = {https://books.google.no/books?id=-nnznQEACAAJ},
  year      = {2015},
  publisher = {Pearson}
}

@misc{referanse_test,
  author       = {morra til thord},
  title        = {test av referanse},
  year         = {2022},
  howpublished = {\url{iamawesome.com}},
  note         = {Accessed: 2420-06-09}
}